<?xml version="1.0" encoding="UTF-8"?><collection xmlns="http://www.loc.gov/MARC21/slim"><record><leader>00373nam--2200133-i-4500</leader><controlfield tag="001">000013551</controlfield><controlfield tag="002">20161230</controlfield><controlfield tag="005">20161230201030</controlfield><controlfield tag="008">060222s1000------------r-----000-0-eng-d</controlfield><datafield ind1=" " ind2=" " tag="080"><subfield code="a">621.375.826(083.5)</subfield></datafield><datafield ind1=" " ind2=" " tag="100"><subfield code="a">Bennett, William Ralph</subfield></datafield><datafield ind1=" " ind2=" " tag="245"><subfield code="a">Atomic gas laser transition data. a critical evaluation</subfield></datafield><datafield ind1=" " ind2=" " tag="260"><subfield code="a">New York, Ifi/Plenum, 1979. Vii + 293 P</subfield></datafield><datafield ind1=" " ind2=" " tag="852"><subfield code="a">48931</subfield></datafield></record></collection>